@article{kadar2017representation,
  title={Representation of linguistic form and function in recurrent neural networks},
  author={K{\'a}d{\'a}r, Akos and Chrupa{\l}a, Grzegorz and Alishahi, Afra},
  journal={Computational Linguistics},
  volume={43},
  number={4},
  pages={761--780},
  year={2017},
  publisher={MIT Press}
}


@inproceedings{shi2016string,
    title = "Does String-Based Neural {MT} Learn Source Syntax?",
    author = "Shi, Xing  and
      Padhi, Inkit  and
      Knight, Kevin",
    booktitle = "Proceedings of the 2016 Conference on Empirical Methods in Natural Language Processing",
    month = nov,
    year = "2016",
    address = "Austin, Texas",
    publisher = "Association for Computational Linguistics",
    url = "https://www.aclweb.org/anthology/D16-1159",
    doi = "10.18653/v1/D16-1159",
    pages = "1526--1534",
}

@inproceedings{peters2018elmo,
  title={Deep contextualized word representations},
  author={Peters, Matthew E and Neumann, Mark and Iyyer, Mohit and Gardner, Matt and Clark, Christopher and Lee, Kenton and Zettlemoyer, Luke},
  booktitle={Proceedings of NAACL-HLT},
  pages={2227--2237},
  year={2018}
}

@inproceedings{devlin2019bert,
  title={BERT: Pre-training of Deep Bidirectional Transformers for Language Understanding},
  author={Jacob Devlin and Ming-Wei Chang and Kenton Lee and Kristina Toutanova},
  booktitle={NAACL-HLT},
  year={2019}
}

@inproceedings{liu2019linguistic,
    title = "Linguistic Knowledge and Transferability of Contextual Representations",
    author = "Liu, Nelson F.  and
      Gardner, Matt  and
      Belinkov, Yonatan  and
      Peters, Matthew E.  and
      Smith, Noah A.",
    booktitle = "Proceedings of the 2019 Conference of the North {A}merican Chapter of the Association for Computational Linguistics: Human Language Technologies, Volume 1 (Long and Short Papers)",
    month = jun,
    year = "2019",
    address = "Minneapolis, Minnesota",
    publisher = "Association for Computational Linguistics",
    url = "https://www.aclweb.org/anthology/N19-1112",
    doi = "10.18653/v1/N19-1112",
    pages = "1073--1094",
}

@inproceedings{tenney2019context,
title	= {What do you learn from context? Probing for sentence structure in contextualized word representations},
author	= {Ian Tenney and Patrick Xia and Berlin Chen and Alex Wang and Adam Poliak and R. Thomas McCoy and Najoung Kim and Benjamin Van Durme and Samuel R. Bowman and Dipanjan Das and Ellie Pavlick},
year	= {2019},
URL	= {https://openreview.net/forum?id=SJzSgnRcKX},
booktitle	= {International Conference on Learning Representations}
}


@inproceedings{joshi2019coref,
    title={{BERT} for Coreference Resolution: Baselines and Analysis},
    author={Mandar Joshi and Omer Levy and Daniel S. Weld and Luke Zettlemoyer},
    year={2019},
    booktitle={Empirical Methods in Natural Language Processing (EMNLP)}
}


@inproceedings{lee2018higher,
    title = "Higher-Order Coreference Resolution with Coarse-to-Fine Inference",
    author = "Lee, Kenton  and
      He, Luheng  and
      Zettlemoyer, Luke",
    booktitle = "Proceedings of the 2018 Conference of the North {A}merican Chapter of the Association for Computational Linguistics: Human Language Technologies, Volume 2 (Short Papers)",
    month = jun,
    year = "2018",
    address = "New Orleans, Louisiana",
    publisher = "Association for Computational Linguistics",
    url = "https://www.aclweb.org/anthology/N18-2108",
    doi = "10.18653/v1/N18-2108",
    pages = "687--692",
}


@inproceedings{lee2017end,
    title = "End-to-end Neural Coreference Resolution",
    author = "Lee, Kenton  and
      He, Luheng  and
      Lewis, Mike  and
      Zettlemoyer, Luke",
    booktitle = "Proceedings of the 2017 Conference on Empirical Methods in Natural Language Processing",
    month = sep,
    year = "2017",
    address = "Copenhagen, Denmark",
    publisher = "Association for Computational Linguistics",
    url = "https://www.aclweb.org/anthology/D17-1018",
    doi = "10.18653/v1/D17-1018",
    pages = "188--197",
}


@inproceedings{devlin2019bert,
    title = "{BERT}: Pre-training of Deep Bidirectional Transformers for Language Understanding",
    author = "Devlin, Jacob  and
      Chang, Ming-Wei  and
      Lee, Kenton  and
      Toutanova, Kristina",
    booktitle = "Proceedings of the 2019 Conference of the North {A}merican Chapter of the Association for Computational Linguistics: Human Language Technologies, Volume 1 (Long and Short Papers)",
    month = jun,
    year = "2019",
    address = "Minneapolis, Minnesota",
    publisher = "Association for Computational Linguistics",
    url = "https://www.aclweb.org/anthology/N19-1423",
    doi = "10.18653/v1/N19-1423",
    pages = "4171--4186",
}

@inproceedings{conll,
    title = "{C}o{NLL}-2012 Shared Task: Modeling Multilingual Unrestricted Coreference in {O}nto{N}otes",
    author = "Pradhan, Sameer  and
      Moschitti, Alessandro  and
      Xue, Nianwen  and
      Uryupina, Olga  and
      Zhang, Yuchen",
    booktitle = "Joint Conference on {EMNLP} and {C}o{NLL} - Shared Task",
    month = jul,
    year = "2012",
    address = "Jeju Island, Korea",
    publisher = "Association for Computational Linguistics",
    url = "https://www.aclweb.org/anthology/W12-4501",
    pages = "1--40",
}
